<?xml version="1.0" encoding="UTF-8"?>
<collection xmlns:xsi="http://www.w3.org/2001/XMLSchema-instance" xsi:schemaLocation="http://www.loc.gov/MARC21/slim http://www.loc.gov/standards/marcxml/schema/MARC21slim.xsd" xmlns="http://www.loc.gov/MARC21/slim">
<record>
  <leader>00814nam a22002051  4500</leader>
  <controlfield tag="001">3068448</controlfield>
  <controlfield tag="003">NNC</controlfield>
  <controlfield tag="005">20030429142358.0</controlfield>
  <controlfield tag="008">010820s1891    ua            000 0 ara d</controlfield>
  <datafield tag="035" ind1=" " ind2=" ">
    <subfield code="a">(OCoLC)ocm47809252</subfield>
  </datafield>
  <datafield tag="035" ind1=" " ind2=" ">
    <subfield code="9">ATP0912CU</subfield>
  </datafield>
  <datafield tag="040" ind1=" " ind2=" ">
    <subfield code="a">ZCU</subfield>
    <subfield code="c">ZCU</subfield>
  </datafield>
  <datafield tag="099" ind1=" " ind2=" ">
    <subfield code="a">893.7D18</subfield>
    <subfield code="a">P1</subfield>
  </datafield>
  <datafield tag="100" ind1="1" ind2=" ">
    <subfield code="a">Damīrī, Muḥammad ibn Mūsá,</subfield>
    <subfield code="d">1341?-1405.</subfield>
  </datafield>
  <datafield tag="245" ind1="1" ind2="0">
    <subfield code="a">Ḥayāt al-ḥayawān al-kubrā, li-Kamāl al-Dīn al-Damīrī.</subfield>
    <subfield code="b">Wa-bi-hāmishihī baqīyat kitāb ʻAjāʾib al-makhlūqāt wa-al-ḥayawānāt wa-gharāʾib al-mawjūdāt, li-Zakarīyā ibn Muḥammad ibn Maḥmūd al-Qazwīnī.</subfield>
  </datafield>
  <datafield tag="260" ind1=" " ind2=" ">
    <subfield code="a">[al-Qāhirah,</subfield>
    <subfield code="b">al-Maṭbaʻah al-Khayrīyah,</subfield>
    <subfield code="c">1309 h., 1891]</subfield>
  </datafield>
  <datafield tag="300" ind1=" " ind2=" ">
    <subfield code="a">2 v.</subfield>
  </datafield>
  <datafield tag="650" ind1=" " ind2="0">
    <subfield code="a">Zoology</subfield>
    <subfield code="v">Pre-Linnean works.</subfield>
  </datafield>
  <datafield tag="740" ind1="0" ind2=" ">
    <subfield code="a">ʻAjāʾib al-ḥayawān.</subfield>
  </datafield>
  <datafield tag="955" ind1=" " ind2=" ">
    <subfield code="b">0037119958</subfield>
    <subfield code="d">glx</subfield>
    <subfield code="e">893.7D18 P1</subfield>
    <subfield code="v">v.2</subfield>
  </datafield>
</record>
</collection>